@misc{cplusplus,
    author = "The C++ Resources Network",
    title  = "cplusplus.com",
    year   = "2013",
    url = "http://www.cplusplus.com"
}

@misc{farmtour,
    author = "USACO",
    title  = "Farm Tour",
    year   = "2003",
    url = "http://poj.org/problem?id=2135"
}

@misc{gpsduel,
    author = "Dr. Brian Dean",
    title  = "Dueling GPSs",
    year   = "2014",
    url = "http://www.usaco.org/index.php?page=viewproblem2&cpid=434"
}

@misc{gpsduelsolution,
    author = "Allen Chen",
    title  = "Analysis: Dueling GPS's",
    year   = "2014",
    url = "http://www.usaco.org/current/data/sol_gpsduel.html"
}

@misc{milkroute,
    author = "Dr. Brian Dean",
    title  = "Milk Routing",
    year   = "2012",
    url = "http://www.usaco.org/current/index.php?page=viewproblem2&cpid=210"
}

@misc{dppractice,
    author = "Dr. Brian Dean",
    title  = "Dynamic Programming Practice Problems",
    year   = "2013",
    url = "http://people.cs.clemson.edu/~bcdean/dp_practice/"
}

@misc{optimalmilking,
    author = "Dr. Brian Dean",
	title  = "Optimal Milking",
	year   = "2013",
	url = "http://usaco.org/index.php?page=viewproblem2&cpid=365"
}

@misc{acmsoutheastregional2013,
	author = "ACM Southeast Regional",
    title  = "ACM Southeast Regional 2013",
    year   = "2013",
    url = "https://ser.cs.fit.edu/ser2013/problems/division_1/"
}

@misc{acmsoutheastregional2014,
	author = "ACM Southeast Regional",
	title  = "ACM Southeast Regional 2014",
	year   = "2014",
	url = "http://ser.cs.fit.edu/ser2014/problems/division_1/"
}


@misc{cppreference,
    author = "C++ Reference",
    title  = "cppreference.com",
    year   = "2015",
    url = "http://www.cppreference.com"
}

